@misc{wiki:latex,
   author = {Wikibooks},
   title = "{LaTeX} --- Wikibooks{,} The Free Textbook Project",
   year = "2020",
   url = "https://en.wikibooks.org/w/index.php?title=LaTeX&oldid=3790790",
 }


@book{dirac,
    title = {The Principles of Quantum Mechanics},
    author = {Paul Adrien Maurice Dirac},
    isbn = {9780198520115},
    series = {International series of monographs on physics},
    year = {1981},
    publisher = {Clarendon Press},
    keywords = {physics}
}

@online{knuthwebsite,
    author = "Donald Knuth",
    title = "Knuth: Computers and Typesetting",
    url  = "http://www-cs-faculty.stanford.edu/~uno/abcde.html",
    addendum = "(accessed: 01.09.2016)",
    keywords = "latex,knuth"
}